
@article{carl,
author = {Rodrigues, Carl},
year = {2001},
month = {12},
pages = {880-889},
title = {Fayol's 14 principles of management then and now: A framework for managing today's organizations effectively},
volume = {39},
journal = {Management Decision},
doi = {10.1108/EUM0000000006527}
}

@article{snijders2010introduction,
  title={Introduction to stochastic actor-based models for network dynamics},
  author={Snijders, Tom AB and Van de Bunt, Gerhard G and Steglich, Christian EG},
  journal={Social networks},
  volume={32},
  number={1},
  pages={44--60},
  year={2010},
  publisher={Elsevier}
}
